@techreport{rfc_ac,
  title={AC Profile for Authorization},
  author={Farrell, S. and Housley, R. and Turner, S.},
  year={2010},
  institution={RFC 5755, January}
}

@techreport{rfc_x509,
  title={X. 509 Internet public key infrastructure online certificate status protocol-OCSP},
  author={Myers, Michael and Ankney, Rich and Malpani, Ambarish and Galperin, Slava and Adams, Carlisle},
  year={1999},
  institution={RFC 2560}
}

@techreport{rfc_oldac,
  title={An internet attribute certificate profile for authorization},
  author={Farrell, S. and Housley, R.},
  year={2002},
  institution={RFC 3281, April}
}

@book{tilborg2011encyclopedia,
  title={Encyclopedia of cryptography and security},
  author={Van Tilborg, Henk CA and Jajodia, Sushil},
  volume={2},
  year={2011},
  publisher={Springer-Verlag New York Incorporated}
}

@book{benantar2006access,
  title={Access control systems: security, identity management and trust models},
  author={Benantar, Messaoud},
  year={2006},
  publisher={Springer}
}

@article{godavari2001secure,
  title={Secure Information Sharing Using Attribute Certificates and Role Based Access Control},
  author={Godavari, Ganesh and Chow, Edward},
  year={2001}
}

@article{rfc_alg1,
  title={Algorithms and Identifiers for the Internet X. 509 Public Key Infrastructure Certificate and Certificate Revocation Lists (CRL) Profile},
  author={Bassham, L and Polk, W and Housley, R},
  journal={RFC3279},
  year={2002}
}

@article{rfc_alg2,
  title={Additional Algorithms and Identifiers for RSA Cryptography for use in the Internet X.509 Public Key Infrastructure Certificate and Certificate Revocation List (CRL) Profile},
  author={Schaad, J., Kaliski, B., and R. Housley},
  journal={RFC4055},
  year={2005}
}

@article{rfc_alg3,
  title={Elliptic Curve Cryptography Subject Public Key Information},
  author={Turner, Sean and Housley, Russ and Brown, Daniel RL and Yiu, Kelvin},
  journal={RFC5480}
  year={2009}
}

@article{rfc_alg4,
  title={Updates for RSAES-OAEP and RSASSA-PSS Algorithm Parameters},
  author={Housley, Russ and Brown, Daniel RL and Yiu, Kelvin and others},
  journal={RFC5756}
  year={2010}
}